@article{yang2019deterministic,
  title={Deterministic Networking (DetNet) vs Time Sensitive Networking (TSN)},
  author={Yang, Xiaotian and Scholz, Dominik and Helm, Max},
  journal={Network},
  volume={79},
  year={2019}
}

@article{finn2016deterministic,
  title={Deterministic networking problem statement},
  author={Finn, N and Thubert, P},
  journal={draft-finn-detnet-problem-statement-05 (work in progress)},
  year={2016}
}

@article{finn2019deterministic,
  title={Deterministic networking architecture},
  author={Finn, Norman and Thubert, Pascal and Varga, Balazs and Farkas, J{\'a}nos},
  journal={RFC 8655},
  year={2019}
}

@article{grossman2019deterministic,
  title={Deterministic networking use cases},
  author={Grossman, Ethan and Gunther, Craig and Thubert, Pascal and Wetterwald, Patrick and Raymond, Jean and Korhonen, Jouni and Kaneko, Yu and Das, Subir and Zha, Yiyong and Varga, Balazs and others},
  journal={RFC 8578},
  year={2019}
}

@inproceedings{liu2021towards,
  title={Towards Large-Scale Deterministic IP Networks},
  author={Liu, Bingyang and Ren, Shoushou and Wang, Chuang and Angilella, Vincent and Medagliani, Paolo and Martin, Sebastien and Leguay, Jeremie},
  booktitle={2021 IFIP Networking Conference (IFIP Networking)},
  pages={1--9},
  year={2021},
  organization={IEEE}
}

@article{prados2021optimization,
  title={Optimization of flow allocation in asynchronous deterministic 5G transport networks by leveraging data analytics},
  author={Prados-Garzon, Jonathan and Taleb, Tarik and Bagaa, Miloud},
  journal={IEEE Transactions on Mobile Computing},
  year={2021},
  publisher={IEEE}
}

@article{xue2012delay,
  title={Delay-guaranteed cross-layer scheduling in multihop wireless networks},
  author={Xue, Dongyue and Ekici, Eylem},
  journal={IEEE/ACM Transactions on Networking},
  volume={21},
  number={6},
  pages={1696--1707},
  year={2012},
  publisher={IEEE}
}

@inproceedings{le2010optimal,
  title={Optimal control of wireless networks with finite buffers},
  author={Le, Long Bao and Modiano, Eytan and Shroff, Ness B},
  booktitle={2010 Proceedings IEEE INFOCOM},
  pages={1--9},
  year={2010},
  organization={IEEE}
}